[gd_scene load_steps=13 format=3 uid="uid://dui3mmt440kok"]

[ext_resource type="Script" path="res://NPC/NPC.gd" id="1_he00v"]
[ext_resource type="PackedScene" uid="uid://cf6nyl4al2jvg" path="res://NPC/Barbarian.tscn" id="2_7gsjn"]
[ext_resource type="Script" path="res://state/finite_state_machine.gd" id="3_6q04m"]
[ext_resource type="Script" path="res://shared/hurtbox.gd" id="4_s415u"]
[ext_resource type="Script" path="res://NPC/states/idle_state.gd" id="4_v6sxv"]
[ext_resource type="Script" path="res://NPC/states/patrol_state.gd" id="5_n6v68"]
[ext_resource type="Script" path="res://NPC/states/chase_state.gd" id="6_2xybr"]
[ext_resource type="Script" path="res://NPC/states/attack_state.gd" id="7_wx4vn"]
[ext_resource type="Script" path="res://NPC/states/run_to_target_state.gd" id="8_v6jon"]
[ext_resource type="Script" path="res://shared/character_params_controller.gd" id="10_sols1"]
[ext_resource type="Resource" uid="uid://bfxfbsb1i8gvy" path="res://shared/npc.tres" id="11_ocdqb"]

[sub_resource type="CapsuleShape3D" id="CapsuleShape3D_x5mve"]
radius = 0.75
height = 2.5

[node name="NPC" type="CharacterBody3D" node_paths=PackedStringArray("npc_params_controller")]
script = ExtResource("1_he00v")
npc_params_controller = NodePath("CharacterParamsController")

[node name="Barbarian" parent="." instance=ExtResource("2_7gsjn")]

[node name="CollisionShape3D" type="CollisionShape3D" parent="."]
transform = Transform3D(1, 0, 0, 0, 1, 0, 0, 0, 1, 0, 1.25, 0)
shape = SubResource("CapsuleShape3D_x5mve")

[node name="Hurtbox" type="Area3D" parent="."]
transform = Transform3D(1, 0, 0, 0, 1, 0, 0, 0, 1, 0, 1.25, 0)
script = ExtResource("4_s415u")

[node name="HurtboxShape" type="CollisionShape3D" parent="Hurtbox"]
shape = SubResource("CapsuleShape3D_x5mve")

[node name="NavigationAgent3D" type="NavigationAgent3D" parent="."]
target_desired_distance = 1.6
avoidance_enabled = true
height = 2.5
radius = 0.75
avoidance_layers = 2
avoidance_mask = 2
debug_enabled = true

[node name="DetectionArea" type="Area3D" parent="."]
transform = Transform3D(1, 0, 0, 0, 1, 0, 0, 0, 1, 0, 1.25, 0)

[node name="CollisionPolygon3D" type="CollisionPolygon3D" parent="DetectionArea"]
transform = Transform3D(2.06384, 0, 0, 0, -9.02131e-08, -2.06384, 0, 2.06384, -9.02131e-08, 0, 0, 0)
polygon = PackedVector2Array(0.5, -0.5, 2, 0, 10, 8, 7, 11, 0, 12.5, -7, 11, -10, 8, -2, 0, -0.5, -0.5)

[node name="FiniteStateMachine" type="Node" parent="." node_paths=PackedStringArray("state")]
script = ExtResource("3_6q04m")
state = NodePath("IdleState")

[node name="IdleState" type="Node" parent="FiniteStateMachine" node_paths=PackedStringArray("idle_timer")]
script = ExtResource("4_v6sxv")
idle_timer = NodePath("IdleTimer")

[node name="IdleTimer" type="Timer" parent="FiniteStateMachine/IdleState"]
wait_time = 5.0
one_shot = true

[node name="PatrolState" type="Node" parent="FiniteStateMachine"]
script = ExtResource("5_n6v68")

[node name="ChaseState" type="Node" parent="FiniteStateMachine"]
script = ExtResource("6_2xybr")

[node name="AttackState" type="Node" parent="FiniteStateMachine" node_paths=PackedStringArray("attack_timer")]
script = ExtResource("7_wx4vn")
attack_timer = NodePath("AttackTimer")

[node name="AttackTimer" type="Timer" parent="FiniteStateMachine/AttackState"]

[node name="RunToTargetState" type="Node" parent="FiniteStateMachine"]
script = ExtResource("8_v6jon")

[node name="CharacterParamsController" type="Node" parent="."]
script = ExtResource("10_sols1")
character_resource = ExtResource("11_ocdqb")

[connection signal="ready" from="." to="." method="_on_ready"]
[connection signal="hit_received" from="Hurtbox" to="." method="_on_hurtbox_hit_received"]
[connection signal="velocity_computed" from="NavigationAgent3D" to="." method="_on_navigation_agent_3d_velocity_computed"]
[connection signal="body_entered" from="DetectionArea" to="." method="_on_detection_area_body_entered"]
[connection signal="body_exited" from="DetectionArea" to="." method="_on_detection_area_body_exited"]
